@book{Simon2015,
  title = {Real Analysis. A Comprehensive Course in Analysis, Part 1},
  author = {Barry Simon},
  publisher = {American Mathematical Society},
  isbn = {978-1-470-41099-5},
  year = {2015},
  series = {Comprehensive Course in Analysis},
  url = {https://bookstore.ams.org/view?ProductCode=SIMON/1},
  keywords = {book},
}

@book{Axler2020,
  title = {Measure, Integration {\&} Real Analysis},
  author = {Axler, Sheldon},
  publisher = {Springer International Publishing},
  isbn = "978-3-030-33143-6",
  year = {2020},
  series = {Graduate Texts in Mathematics},
  url = {https://measure.axler.net},
  keywords = {book},
}

@online{Liou2013,
  title = {A Remark on the space of continuous functions and Square integrable
           functions},
  author = {Jia-Ming Liou},
  url = {https://www.math.ncku.edu.tw/~fjmliou/pdf/rem_CL2.pdf},
  urldate = {2023-01-04},
  keywords = {online},
}

@online{Herman2021,
  title = {A First Course in Partial Differential Equations},
  author = {Russell L. Herman},
  url = {http://people.uncw.edu/hermanr/pde2/PDE2notes},
  urldate = {2023-01-01},
  keywords = {online},
}

@article{Jordan1935,
  title = {On Inner Products in Linear, Metric Spaces},
  author = {P. Jordan and J. V. Neumann},
  doi = {10.2307/1968653},
  journal = {Annals of Mathematics 1935-jul vol. 36 iss. 3},
  year = {1935},
  month = {jul},
  volume = {36},
  issue = {3},
  page = {719--723},
  keywords = {paper},
}

@online{Rodriguez2021,
  title = {Introduction to Functional Analysis (Spring 2021)},
  author = {Casey P. Rodriguez},
  url = {
         https://ocw.mit.edu/courses/18-102-introduction-to-functional-analysis-spring-2021
         },
  urldate = {2023-01-04},
  keywords = {online},
}

@article{weierstrass1885,
  title = {Über die analytische Darstellbarkeit sogenannter willkü rlicher
           Functionen einer reellen Veränderlichen},
  author = {Weierstrass, Karl},
  journal = {Sitzungsberichte der Königlich Preußischen Akademie der
             Wissenschaften zu Berlin},
  url = {https://www.math.auckland.ac.nz/hat/fpapers/wei4.pdf},
  volume = {2},
  pages = {633--639},
  year = {1885},
  keywords = {paper},
}

@online{Saha2021,
  title = {The Stone-Weierstrass Theorem, Approximating continuous functions by
           smooth functions},
  author = {Satvik Saha},
  url = {
         https://sahasatvik.github.io/assignments/SP21/weierstrass/weierstrass.pdf
         },
  urldate = {2023-01-16},
  keywords = {online},
}

@article{Fejér1903,
  title = {Untersuchungen über Fouriersche Reihen},
  author = {Fejér, Leopold},
  journal = {Mathematische Annalen},
  doi = {10.1007/BF01447779},
  volume = {58},
  pages = {51--69},
  year = {1903},
  keywords = {paper},
}

@article{Fejér1900,
  title = {Sur les fonctions bornees et integrables},
  author = {Fejér, Leopold},
  journal = {Comptes Rendus Hebdomadaries, Seances de l'Academie de Sciences},
  volume = {131},
  pages = {984--987},
  year = {1900},
  url = {https://www.math.technion.ac.il/hat/fpapers/fej1OCR.pdf},
  keywords = {paper},
}

@book{Rudin1991,
  title = {Functional Analysis},
  author = {Rudin, Walter},
  isbn = {0-07-054236-8},
  series = {International series in pure and applied mathematics},
  year = {1991},
  publisher = {McGraw-Hill},
  keywords = {book},
}

@book{Apostol1974,
  title = {Mathematical Analysis},
  author = {Apostol, Tom M.},
  isbn = {9780201002881},
  series = {World Student Series Edition},
  year = {1974},
  publisher = {Addison Wesley},
  keywords = {book},
}

@online{Eisermann2023,
  title = {Höhere Mathematik 3 (vertieft)},
  author = {Michael Eisermann},
  url = {https://pnp.mathematik.uni-stuttgart.de/igt/eiserm/lehre/HM3},
  urldate = {2023-01-01},
  keywords = {online},
}

@online{Gaddy2016,
  title = {The Stone-Weierstrass and its applications to {$L^{2}$} spaces},
  author = {Gaddy, Philip},
  url = {https://math.uchicago.edu/~may/REU2016/REUPapers/Gaddy.pdf},
  urldate = {2023-01-01},
  keywords = {online},
}

@online{Schep2007,
  title = {Weierstrass' proof of the Weierstrass approximation theorem},
  author = {Anton R. Schep},
  url = {https://people.math.sc.edu/schep/weierstrass.pdf},
  urldate = {2023-01-01},
  keywords = {online},
}